@article{fayyad1996data,
  title={From data mining to knowledge discovery in databases},
  author={Fayyad, Usama and Piatetsky-Shapiro, Gregory and Smyth, Padhraic},
  journal={AI magazine},
  volume={17},
  number={3},
  pages={37},
  year={1996}
}

@misc{flower_dataset,
  author = {},
  title = {{Flowers Recognition}},
  howpublished = "\url{https://www.kaggle.com/alxmamaev/flowers-recognition}",
}